@book{irbook,
    author    = "Christopher D. Manning and Prabhakar Raghavan and Hinrich Sch√ºtze",
    title     = "An Introduction to Information Retrieval",
    year      = "2009",
    publisher = "Cambridge University Press",
    address   = "Cambridge, England"
}
@book{benchmark,
    author    = "Lewis, D. D.; Yang, Y.; Rose, T.; and Li, F.",
    title     = "RCV1: A New Benchmark Collection for Text Categorization Research",
    year      = "2004",
    publisher = "Journal of Machine Learning Research"
}